%YAML 1.1
%TAG !u! tag:unity3d.com,2011:
--- !u!1001 &100100000
Prefab:
  m_ObjectHideFlags: 1
  serializedVersion: 2
  m_Modification:
    m_TransformParent: {fileID: 0}
    m_Modifications: []
    m_RemovedComponents: []
  m_ParentPrefab: {fileID: 0}
  m_RootGameObject: {fileID: 1000014074613480}
  m_IsPrefabParent: 1
--- !u!1 &1000010123528110
GameObject:
  m_ObjectHideFlags: 1
  m_PrefabParentObject: {fileID: 0}
  m_PrefabInternal: {fileID: 100100000}
  serializedVersion: 4
  m_Component:
  - 4: {fileID: 4000012348763018}
  m_Layer: 0
  m_Name: R_fourth_3
  m_TagString: Untagged
  m_Icon: {fileID: 0}
  m_NavMeshLayer: 0
  m_StaticEditorFlags: 0
  m_IsActive: 1
--- !u!1 &1000010372665038
GameObject:
  m_ObjectHideFlags: 0
  m_PrefabParentObject: {fileID: 0}
  m_PrefabInternal: {fileID: 100100000}
  serializedVersion: 4
  m_Component:
  - 4: {fileID: 4000011950680578}
  m_Layer: 0
  m_Name: root
  m_TagString: Untagged
  m_Icon: {fileID: 0}
  m_NavMeshLayer: 0
  m_StaticEditorFlags: 0
  m_IsActive: 1
--- !u!1 &1000010406255158
GameObject:
  m_ObjectHideFlags: 1
  m_PrefabParentObject: {fileID: 0}
  m_PrefabInternal: {fileID: 100100000}
  serializedVersion: 4
  m_Component:
  - 4: {fileID: 4000014204020548}
  m_Layer: 0
  m_Name: R_third_3
  m_TagString: Untagged
  m_Icon: {fileID: 0}
  m_NavMeshLayer: 0
  m_StaticEditorFlags: 0
  m_IsActive: 1
--- !u!1 &1000010521153750
GameObject:
  m_ObjectHideFlags: 1
  m_PrefabParentObject: {fileID: 0}
  m_PrefabInternal: {fileID: 100100000}
  serializedVersion: 4
  m_Component:
  - 4: {fileID: 4000012287311436}
  m_Layer: 0
  m_Name: L_fourth_5
  m_TagString: Untagged
  m_Icon: {fileID: 0}
  m_NavMeshLayer: 0
  m_StaticEditorFlags: 0
  m_IsActive: 1
--- !u!1 &1000010537002050
GameObject:
  m_ObjectHideFlags: 1
  m_PrefabParentObject: {fileID: 0}
  m_PrefabInternal: {fileID: 100100000}
  serializedVersion: 4
  m_Component:
  - 4: {fileID: 4000012014139034}
  m_Layer: 0
  m_Name: L_fang_4
  m_TagString: Untagged
  m_Icon: {fileID: 0}
  m_NavMeshLayer: 0
  m_StaticEditorFlags: 0
  m_IsActive: 1
--- !u!1 &1000010563087630
GameObject:
  m_ObjectHideFlags: 1
  m_PrefabParentObject: {fileID: 0}
  m_PrefabInternal: {fileID: 100100000}
  serializedVersion: 4
  m_Component:
  - 4: {fileID: 4000010526981034}
  m_Layer: 0
  m_Name: L_third_3
  m_TagString: Untagged
  m_Icon: {fileID: 0}
  m_NavMeshLayer: 0
  m_StaticEditorFlags: 0
  m_IsActive: 1
--- !u!1 &1000010565580820
GameObject:
  m_ObjectHideFlags: 1
  m_PrefabParentObject: {fileID: 0}
  m_PrefabInternal: {fileID: 100100000}
  serializedVersion: 4
  m_Component:
  - 4: {fileID: 4000012568792600}
  m_Layer: 0
  m_Name: L_third_5
  m_TagString: Untagged
  m_Icon: {fileID: 0}
  m_NavMeshLayer: 0
  m_StaticEditorFlags: 0
  m_IsActive: 1
--- !u!1 &1000010614066430
GameObject:
  m_ObjectHideFlags: 1
  m_PrefabParentObject: {fileID: 0}
  m_PrefabInternal: {fileID: 100100000}
  serializedVersion: 4
  m_Component:
  - 4: {fileID: 4000012557605228}
  m_Layer: 0
  m_Name: L_fang_1
  m_TagString: Untagged
  m_Icon: {fileID: 0}
  m_NavMeshLayer: 0
  m_StaticEditorFlags: 0
  m_IsActive: 1
--- !u!1 &1000010648667184
GameObject:
  m_ObjectHideFlags: 1
  m_PrefabParentObject: {fileID: 0}
  m_PrefabInternal: {fileID: 100100000}
  serializedVersion: 4
  m_Component:
  - 4: {fileID: 4000011549574690}
  m_Layer: 0
  m_Name: L_third_4
  m_TagString: Untagged
  m_Icon: {fileID: 0}
  m_NavMeshLayer: 0
  m_StaticEditorFlags: 0
  m_IsActive: 1
--- !u!1 &1000010792277412
GameObject:
  m_ObjectHideFlags: 1
  m_PrefabParentObject: {fileID: 0}
  m_PrefabInternal: {fileID: 100100000}
  serializedVersion: 4
  m_Component:
  - 4: {fileID: 4000013818590952}
  m_Layer: 0
  m_Name: L_second_5
  m_TagString: Untagged
  m_Icon: {fileID: 0}
  m_NavMeshLayer: 0
  m_StaticEditorFlags: 0
  m_IsActive: 1
--- !u!1 &1000010867388586
GameObject:
  m_ObjectHideFlags: 1
  m_PrefabParentObject: {fileID: 0}
  m_PrefabInternal: {fileID: 100100000}
  serializedVersion: 4
  m_Component:
  - 4: {fileID: 4000011018338364}
  m_Layer: 0
  m_Name: spine_3
  m_TagString: Untagged
  m_Icon: {fileID: 0}
  m_NavMeshLayer: 0
  m_StaticEditorFlags: 0
  m_IsActive: 1
--- !u!1 &1000011046362780
GameObject:
  m_ObjectHideFlags: 1
  m_PrefabParentObject: {fileID: 0}
  m_PrefabInternal: {fileID: 100100000}
  serializedVersion: 4
  m_Component:
  - 4: {fileID: 4000012276079266}
  m_Layer: 0
  m_Name: R_first_3
  m_TagString: Untagged
  m_Icon: {fileID: 0}
  m_NavMeshLayer: 0
  m_StaticEditorFlags: 0
  m_IsActive: 1
--- !u!1 &1000011126317274
GameObject:
  m_ObjectHideFlags: 1
  m_PrefabParentObject: {fileID: 0}
  m_PrefabInternal: {fileID: 100100000}
  serializedVersion: 4
  m_Component:
  - 4: {fileID: 4000010495838442}
  m_Layer: 0
  m_Name: L_fang_3
  m_TagString: Untagged
  m_Icon: {fileID: 0}
  m_NavMeshLayer: 0
  m_StaticEditorFlags: 0
  m_IsActive: 1
--- !u!1 &1000011129128964
GameObject:
  m_ObjectHideFlags: 1
  m_PrefabParentObject: {fileID: 0}
  m_PrefabInternal: {fileID: 100100000}
  serializedVersion: 4
  m_Component:
  - 4: {fileID: 4000012050100806}
  m_Layer: 0
  m_Name: L_first_3
  m_TagString: Untagged
  m_Icon: {fileID: 0}
  m_NavMeshLayer: 0
  m_StaticEditorFlags: 0
  m_IsActive: 1
--- !u!1 &1000011267580172
GameObject:
  m_ObjectHideFlags: 1
  m_PrefabParentObject: {fileID: 0}
  m_PrefabInternal: {fileID: 100100000}
  serializedVersion: 4
  m_Component:
  - 4: {fileID: 4000012653203166}
  m_Layer: 0
  m_Name: R_third_2
  m_TagString: Untagged
  m_Icon: {fileID: 0}
  m_NavMeshLayer: 0
  m_StaticEditorFlags: 0
  m_IsActive: 1
--- !u!1 &1000011274452380
GameObject:
  m_ObjectHideFlags: 1
  m_PrefabParentObject: {fileID: 0}
  m_PrefabInternal: {fileID: 100100000}
  serializedVersion: 4
  m_Component:
  - 4: {fileID: 4000013667463752}
  m_Layer: 0
  m_Name: R_fourth_2
  m_TagString: Untagged
  m_Icon: {fileID: 0}
  m_NavMeshLayer: 0
  m_StaticEditorFlags: 0
  m_IsActive: 1
--- !u!1 &1000011307496758
GameObject:
  m_ObjectHideFlags: 1
  m_PrefabParentObject: {fileID: 0}
  m_PrefabInternal: {fileID: 100100000}
  serializedVersion: 4
  m_Component:
  - 4: {fileID: 4000010566040758}
  m_Layer: 0
  m_Name: R_first_5
  m_TagString: Untagged
  m_Icon: {fileID: 0}
  m_NavMeshLayer: 0
  m_StaticEditorFlags: 0
  m_IsActive: 1
--- !u!1 &1000011345292116
GameObject:
  m_ObjectHideFlags: 1
  m_PrefabParentObject: {fileID: 0}
  m_PrefabInternal: {fileID: 100100000}
  serializedVersion: 4
  m_Component:
  - 4: {fileID: 4000011740874190}
  m_Layer: 0
  m_Name: R_fourth_4
  m_TagString: Untagged
  m_Icon: {fileID: 0}
  m_NavMeshLayer: 0
  m_StaticEditorFlags: 0
  m_IsActive: 1
--- !u!1 &1000011438015208
GameObject:
  m_ObjectHideFlags: 1
  m_PrefabParentObject: {fileID: 0}
  m_PrefabInternal: {fileID: 100100000}
  serializedVersion: 4
  m_Component:
  - 4: {fileID: 4000014101351356}
  m_Layer: 0
  m_Name: R_fang_3
  m_TagString: Untagged
  m_Icon: {fileID: 0}
  m_NavMeshLayer: 0
  m_StaticEditorFlags: 0
  m_IsActive: 1
--- !u!1 &1000011596821584
GameObject:
  m_ObjectHideFlags: 1
  m_PrefabParentObject: {fileID: 0}
  m_PrefabInternal: {fileID: 100100000}
  serializedVersion: 4
  m_Component:
  - 4: {fileID: 4000010277168778}
  m_Layer: 0
  m_Name: R_third_1
  m_TagString: Untagged
  m_Icon: {fileID: 0}
  m_NavMeshLayer: 0
  m_StaticEditorFlags: 0
  m_IsActive: 1
--- !u!1 &1000011634005876
GameObject:
  m_ObjectHideFlags: 1
  m_PrefabParentObject: {fileID: 0}
  m_PrefabInternal: {fileID: 100100000}
  serializedVersion: 4
  m_Component:
  - 4: {fileID: 4000010197177784}
  m_Layer: 0
  m_Name: L_fourth_2
  m_TagString: Untagged
  m_Icon: {fileID: 0}
  m_NavMeshLayer: 0
  m_StaticEditorFlags: 0
  m_IsActive: 1
--- !u!1 &1000011817481430
GameObject:
  m_ObjectHideFlags: 1
  m_PrefabParentObject: {fileID: 0}
  m_PrefabInternal: {fileID: 100100000}
  serializedVersion: 4
  m_Component:
  - 4: {fileID: 4000012829313750}
  m_Layer: 0
  m_Name: L_fourth_1
  m_TagString: Untagged
  m_Icon: {fileID: 0}
  m_NavMeshLayer: 0
  m_StaticEditorFlags: 0
  m_IsActive: 1
--- !u!1 &1000011828705516
GameObject:
  m_ObjectHideFlags: 1
  m_PrefabParentObject: {fileID: 0}
  m_PrefabInternal: {fileID: 100100000}
  serializedVersion: 4
  m_Component:
  - 4: {fileID: 4000011157221812}
  m_Layer: 0
  m_Name: R_fourth_1
  m_TagString: Untagged
  m_Icon: {fileID: 0}
  m_NavMeshLayer: 0
  m_StaticEditorFlags: 0
  m_IsActive: 1
--- !u!1 &1000011904049506
GameObject:
  m_ObjectHideFlags: 1
  m_PrefabParentObject: {fileID: 0}
  m_PrefabInternal: {fileID: 100100000}
  serializedVersion: 4
  m_Component:
  - 4: {fileID: 4000012580946862}
  m_Layer: 0
  m_Name: R_fourth_5
  m_TagString: Untagged
  m_Icon: {fileID: 0}
  m_NavMeshLayer: 0
  m_StaticEditorFlags: 0
  m_IsActive: 1
--- !u!1 &1000011940236122
GameObject:
  m_ObjectHideFlags: 1
  m_PrefabParentObject: {fileID: 0}
  m_PrefabInternal: {fileID: 100100000}
  serializedVersion: 4
  m_Component:
  - 4: {fileID: 4000013361221666}
  m_Layer: 0
  m_Name: R_third_4
  m_TagString: Untagged
  m_Icon: {fileID: 0}
  m_NavMeshLayer: 0
  m_StaticEditorFlags: 0
  m_IsActive: 1
--- !u!1 &1000011979752012
GameObject:
  m_ObjectHideFlags: 0
  m_PrefabParentObject: {fileID: 0}
  m_PrefabInternal: {fileID: 100100000}
  serializedVersion: 4
  m_Component:
  - 4: {fileID: 4000013123909882}
  - 137: {fileID: 137000014175779404}
  m_Layer: 0
  m_Name: mesh
  m_TagString: Untagged
  m_Icon: {fileID: 0}
  m_NavMeshLayer: 0
  m_StaticEditorFlags: 0
  m_IsActive: 1
--- !u!1 &1000012071570564
GameObject:
  m_ObjectHideFlags: 1
  m_PrefabParentObject: {fileID: 0}
  m_PrefabInternal: {fileID: 100100000}
  serializedVersion: 4
  m_Component:
  - 4: {fileID: 4000010693955880}
  m_Layer: 0
  m_Name: R_fang_4
  m_TagString: Untagged
  m_Icon: {fileID: 0}
  m_NavMeshLayer: 0
  m_StaticEditorFlags: 0
  m_IsActive: 1
--- !u!1 &1000012075874344
GameObject:
  m_ObjectHideFlags: 1
  m_PrefabParentObject: {fileID: 0}
  m_PrefabInternal: {fileID: 100100000}
  serializedVersion: 4
  m_Component:
  - 4: {fileID: 4000013669031746}
  m_Layer: 0
  m_Name: tail_3
  m_TagString: Untagged
  m_Icon: {fileID: 0}
  m_NavMeshLayer: 0
  m_StaticEditorFlags: 0
  m_IsActive: 1
--- !u!1 &1000012092004260
GameObject:
  m_ObjectHideFlags: 1
  m_PrefabParentObject: {fileID: 0}
  m_PrefabInternal: {fileID: 100100000}
  serializedVersion: 4
  m_Component:
  - 4: {fileID: 4000012926236208}
  m_Layer: 0
  m_Name: tail_1
  m_TagString: Untagged
  m_Icon: {fileID: 0}
  m_NavMeshLayer: 0
  m_StaticEditorFlags: 0
  m_IsActive: 1
--- !u!1 &1000012120940216
GameObject:
  m_ObjectHideFlags: 1
  m_PrefabParentObject: {fileID: 0}
  m_PrefabInternal: {fileID: 100100000}
  serializedVersion: 4
  m_Component:
  - 4: {fileID: 4000010893276726}
  m_Layer: 0
  m_Name: R_third_5
  m_TagString: Untagged
  m_Icon: {fileID: 0}
  m_NavMeshLayer: 0
  m_StaticEditorFlags: 0
  m_IsActive: 1
--- !u!1 &1000012132566234
GameObject:
  m_ObjectHideFlags: 1
  m_PrefabParentObject: {fileID: 0}
  m_PrefabInternal: {fileID: 100100000}
  serializedVersion: 4
  m_Component:
  - 4: {fileID: 4000010968729302}
  m_Layer: 0
  m_Name: tail_2
  m_TagString: Untagged
  m_Icon: {fileID: 0}
  m_NavMeshLayer: 0
  m_StaticEditorFlags: 0
  m_IsActive: 1
--- !u!1 &1000012143548060
GameObject:
  m_ObjectHideFlags: 1
  m_PrefabParentObject: {fileID: 0}
  m_PrefabInternal: {fileID: 100100000}
  serializedVersion: 4
  m_Component:
  - 4: {fileID: 4000013170808056}
  m_Layer: 0
  m_Name: L_first_4
  m_TagString: Untagged
  m_Icon: {fileID: 0}
  m_NavMeshLayer: 0
  m_StaticEditorFlags: 0
  m_IsActive: 1
--- !u!1 &1000012193709944
GameObject:
  m_ObjectHideFlags: 1
  m_PrefabParentObject: {fileID: 0}
  m_PrefabInternal: {fileID: 100100000}
  serializedVersion: 4
  m_Component:
  - 4: {fileID: 4000013431686870}
  m_Layer: 0
  m_Name: R_first_1
  m_TagString: Untagged
  m_Icon: {fileID: 0}
  m_NavMeshLayer: 0
  m_StaticEditorFlags: 0
  m_IsActive: 1
--- !u!1 &1000012551164574
GameObject:
  m_ObjectHideFlags: 1
  m_PrefabParentObject: {fileID: 0}
  m_PrefabInternal: {fileID: 100100000}
  serializedVersion: 4
  m_Component:
  - 4: {fileID: 4000011168188998}
  m_Layer: 0
  m_Name: L_second_1
  m_TagString: Untagged
  m_Icon: {fileID: 0}
  m_NavMeshLayer: 0
  m_StaticEditorFlags: 0
  m_IsActive: 1
--- !u!1 &1000012653532530
GameObject:
  m_ObjectHideFlags: 1
  m_PrefabParentObject: {fileID: 0}
  m_PrefabInternal: {fileID: 100100000}
  serializedVersion: 4
  m_Component:
  - 4: {fileID: 4000013297160706}
  m_Layer: 0
  m_Name: R_fang_1
  m_TagString: Untagged
  m_Icon: {fileID: 0}
  m_NavMeshLayer: 0
  m_StaticEditorFlags: 0
  m_IsActive: 1
--- !u!1 &1000012701760352
GameObject:
  m_ObjectHideFlags: 1
  m_PrefabParentObject: {fileID: 0}
  m_PrefabInternal: {fileID: 100100000}
  serializedVersion: 4
  m_Component:
  - 4: {fileID: 4000012576293380}
  m_Layer: 0
  m_Name: L_fourth_3
  m_TagString: Untagged
  m_Icon: {fileID: 0}
  m_NavMeshLayer: 0
  m_StaticEditorFlags: 0
  m_IsActive: 1
--- !u!1 &1000012889199418
GameObject:
  m_ObjectHideFlags: 1
  m_PrefabParentObject: {fileID: 0}
  m_PrefabInternal: {fileID: 100100000}
  serializedVersion: 4
  m_Component:
  - 4: {fileID: 4000013436194752}
  m_Layer: 0
  m_Name: spine_4
  m_TagString: Untagged
  m_Icon: {fileID: 0}
  m_NavMeshLayer: 0
  m_StaticEditorFlags: 0
  m_IsActive: 1
--- !u!1 &1000012931431744
GameObject:
  m_ObjectHideFlags: 1
  m_PrefabParentObject: {fileID: 0}
  m_PrefabInternal: {fileID: 100100000}
  serializedVersion: 4
  m_Component:
  - 4: {fileID: 4000011770181328}
  m_Layer: 0
  m_Name: L_first_1
  m_TagString: Untagged
  m_Icon: {fileID: 0}
  m_NavMeshLayer: 0
  m_StaticEditorFlags: 0
  m_IsActive: 1
--- !u!1 &1000012962865814
GameObject:
  m_ObjectHideFlags: 1
  m_PrefabParentObject: {fileID: 0}
  m_PrefabInternal: {fileID: 100100000}
  serializedVersion: 4
  m_Component:
  - 4: {fileID: 4000011070055832}
  m_Layer: 0
  m_Name: L_second_3
  m_TagString: Untagged
  m_Icon: {fileID: 0}
  m_NavMeshLayer: 0
  m_StaticEditorFlags: 0
  m_IsActive: 1
--- !u!1 &1000012983908924
GameObject:
  m_ObjectHideFlags: 1
  m_PrefabParentObject: {fileID: 0}
  m_PrefabInternal: {fileID: 100100000}
  serializedVersion: 4
  m_Component:
  - 4: {fileID: 4000013351524200}
  m_Layer: 0
  m_Name: R_first_4
  m_TagString: Untagged
  m_Icon: {fileID: 0}
  m_NavMeshLayer: 0
  m_StaticEditorFlags: 0
  m_IsActive: 1
--- !u!1 &1000013133827044
GameObject:
  m_ObjectHideFlags: 1
  m_PrefabParentObject: {fileID: 0}
  m_PrefabInternal: {fileID: 100100000}
  serializedVersion: 4
  m_Component:
  - 4: {fileID: 4000012098346004}
  m_Layer: 0
  m_Name: L_second_4
  m_TagString: Untagged
  m_Icon: {fileID: 0}
  m_NavMeshLayer: 0
  m_StaticEditorFlags: 0
  m_IsActive: 1
--- !u!1 &1000013151839236
GameObject:
  m_ObjectHideFlags: 1
  m_PrefabParentObject: {fileID: 0}
  m_PrefabInternal: {fileID: 100100000}
  serializedVersion: 4
  m_Component:
  - 4: {fileID: 4000011001333942}
  m_Layer: 0
  m_Name: L_first_2
  m_TagString: Untagged
  m_Icon: {fileID: 0}
  m_NavMeshLayer: 0
  m_StaticEditorFlags: 0
  m_IsActive: 1
--- !u!1 &1000013158834964
GameObject:
  m_ObjectHideFlags: 1
  m_PrefabParentObject: {fileID: 0}
  m_PrefabInternal: {fileID: 100100000}
  serializedVersion: 4
  m_Component:
  - 4: {fileID: 4000010601365090}
  m_Layer: 0
  m_Name: R_second_2
  m_TagString: Untagged
  m_Icon: {fileID: 0}
  m_NavMeshLayer: 0
  m_StaticEditorFlags: 0
  m_IsActive: 1
--- !u!1 &1000013204523814
GameObject:
  m_ObjectHideFlags: 1
  m_PrefabParentObject: {fileID: 0}
  m_PrefabInternal: {fileID: 100100000}
  serializedVersion: 4
  m_Component:
  - 4: {fileID: 4000013712023644}
  m_Layer: 0
  m_Name: L_fang_2
  m_TagString: Untagged
  m_Icon: {fileID: 0}
  m_NavMeshLayer: 0
  m_StaticEditorFlags: 0
  m_IsActive: 1
--- !u!1 &1000013405089292
GameObject:
  m_ObjectHideFlags: 1
  m_PrefabParentObject: {fileID: 0}
  m_PrefabInternal: {fileID: 100100000}
  serializedVersion: 4
  m_Component:
  - 4: {fileID: 4000010199380324}
  m_Layer: 0
  m_Name: spine_1
  m_TagString: Untagged
  m_Icon: {fileID: 0}
  m_NavMeshLayer: 0
  m_StaticEditorFlags: 0
  m_IsActive: 1
--- !u!1 &1000013542554502
GameObject:
  m_ObjectHideFlags: 1
  m_PrefabParentObject: {fileID: 0}
  m_PrefabInternal: {fileID: 100100000}
  serializedVersion: 4
  m_Component:
  - 4: {fileID: 4000010531216910}
  m_Layer: 0
  m_Name: L_first_5
  m_TagString: Untagged
  m_Icon: {fileID: 0}
  m_NavMeshLayer: 0
  m_StaticEditorFlags: 0
  m_IsActive: 1
--- !u!1 &1000013545166404
GameObject:
  m_ObjectHideFlags: 1
  m_PrefabParentObject: {fileID: 0}
  m_PrefabInternal: {fileID: 100100000}
  serializedVersion: 4
  m_Component:
  - 4: {fileID: 4000013544666522}
  m_Layer: 0
  m_Name: R_first_2
  m_TagString: Untagged
  m_Icon: {fileID: 0}
  m_NavMeshLayer: 0
  m_StaticEditorFlags: 0
  m_IsActive: 1
--- !u!1 &1000013643336162
GameObject:
  m_ObjectHideFlags: 1
  m_PrefabParentObject: {fileID: 0}
  m_PrefabInternal: {fileID: 100100000}
  serializedVersion: 4
  m_Component:
  - 4: {fileID: 4000012398552548}
  m_Layer: 0
  m_Name: L_third_2
  m_TagString: Untagged
  m_Icon: {fileID: 0}
  m_NavMeshLayer: 0
  m_StaticEditorFlags: 0
  m_IsActive: 1
--- !u!1 &1000013673213186
GameObject:
  m_ObjectHideFlags: 1
  m_PrefabParentObject: {fileID: 0}
  m_PrefabInternal: {fileID: 100100000}
  serializedVersion: 4
  m_Component:
  - 4: {fileID: 4000010538372832}
  m_Layer: 0
  m_Name: R_fang_2
  m_TagString: Untagged
  m_Icon: {fileID: 0}
  m_NavMeshLayer: 0
  m_StaticEditorFlags: 0
  m_IsActive: 1
--- !u!1 &1000013725572320
GameObject:
  m_ObjectHideFlags: 1
  m_PrefabParentObject: {fileID: 0}
  m_PrefabInternal: {fileID: 100100000}
  serializedVersion: 4
  m_Component:
  - 4: {fileID: 4000013604075818}
  m_Layer: 0
  m_Name: L_second_2
  m_TagString: Untagged
  m_Icon: {fileID: 0}
  m_NavMeshLayer: 0
  m_StaticEditorFlags: 0
  m_IsActive: 1
--- !u!1 &1000013842505440
GameObject:
  m_ObjectHideFlags: 1
  m_PrefabParentObject: {fileID: 0}
  m_PrefabInternal: {fileID: 100100000}
  serializedVersion: 4
  m_Component:
  - 4: {fileID: 4000012692298572}
  m_Layer: 0
  m_Name: R_second_1
  m_TagString: Untagged
  m_Icon: {fileID: 0}
  m_NavMeshLayer: 0
  m_StaticEditorFlags: 0
  m_IsActive: 1
--- !u!1 &1000013861408158
GameObject:
  m_ObjectHideFlags: 1
  m_PrefabParentObject: {fileID: 0}
  m_PrefabInternal: {fileID: 100100000}
  serializedVersion: 4
  m_Component:
  - 4: {fileID: 4000011693181000}
  m_Layer: 0
  m_Name: spine_2
  m_TagString: Untagged
  m_Icon: {fileID: 0}
  m_NavMeshLayer: 0
  m_StaticEditorFlags: 0
  m_IsActive: 1
--- !u!1 &1000014065981520
GameObject:
  m_ObjectHideFlags: 1
  m_PrefabParentObject: {fileID: 0}
  m_PrefabInternal: {fileID: 100100000}
  serializedVersion: 4
  m_Component:
  - 4: {fileID: 4000011990050648}
  m_Layer: 0
  m_Name: L_third_1
  m_TagString: Untagged
  m_Icon: {fileID: 0}
  m_NavMeshLayer: 0
  m_StaticEditorFlags: 0
  m_IsActive: 1
--- !u!1 &1000014074613480
GameObject:
  m_ObjectHideFlags: 0
  m_PrefabParentObject: {fileID: 0}
  m_PrefabInternal: {fileID: 100100000}
  serializedVersion: 4
  m_Component:
  - 4: {fileID: 4000012822777426}
  - 111: {fileID: 111000011272465720}
  - 143: {fileID: 143000010171437798}
  - 114: {fileID: 114000011548273834}
  - 135: {fileID: 135000010436517184}
  m_Layer: 0
  m_Name: BossSpider 1
  m_TagString: Spider
  m_Icon: {fileID: 0}
  m_NavMeshLayer: 0
  m_StaticEditorFlags: 0
  m_IsActive: 1
--- !u!1 &1000014079988726
GameObject:
  m_ObjectHideFlags: 1
  m_PrefabParentObject: {fileID: 0}
  m_PrefabInternal: {fileID: 100100000}
  serializedVersion: 4
  m_Component:
  - 4: {fileID: 4000011811923396}
  m_Layer: 0
  m_Name: R_second_5
  m_TagString: Untagged
  m_Icon: {fileID: 0}
  m_NavMeshLayer: 0
  m_StaticEditorFlags: 0
  m_IsActive: 1
--- !u!1 &1000014104996032
GameObject:
  m_ObjectHideFlags: 1
  m_PrefabParentObject: {fileID: 0}
  m_PrefabInternal: {fileID: 100100000}
  serializedVersion: 4
  m_Component:
  - 4: {fileID: 4000011252211008}
  m_Layer: 0
  m_Name: L_fourth_4
  m_TagString: Untagged
  m_Icon: {fileID: 0}
  m_NavMeshLayer: 0
  m_StaticEditorFlags: 0
  m_IsActive: 1
--- !u!1 &1000014190876132
GameObject:
  m_ObjectHideFlags: 1
  m_PrefabParentObject: {fileID: 0}
  m_PrefabInternal: {fileID: 100100000}
  serializedVersion: 4
  m_Component:
  - 4: {fileID: 4000012219895194}
  m_Layer: 0
  m_Name: R_second_3
  m_TagString: Untagged
  m_Icon: {fileID: 0}
  m_NavMeshLayer: 0
  m_StaticEditorFlags: 0
  m_IsActive: 1
--- !u!1 &1000014251101272
GameObject:
  m_ObjectHideFlags: 1
  m_PrefabParentObject: {fileID: 0}
  m_PrefabInternal: {fileID: 100100000}
  serializedVersion: 4
  m_Component:
  - 4: {fileID: 4000010854495492}
  m_Layer: 0
  m_Name: R_second_4
  m_TagString: Untagged
  m_Icon: {fileID: 0}
  m_NavMeshLayer: 0
  m_StaticEditorFlags: 0
  m_IsActive: 1
--- !u!4 &4000010197177784
Transform:
  m_ObjectHideFlags: 1
  m_PrefabParentObject: {fileID: 0}
  m_PrefabInternal: {fileID: 100100000}
  m_GameObject: {fileID: 1000011634005876}
  m_LocalRotation: {x: 0.018928876, y: -0.065868616, z: 0.5247263, w: 0.8485077}
  m_LocalPosition: {x: -1.0646262, y: -7.105427e-17, z: -1.4210854e-16}
  m_LocalScale: {x: 1, y: 1, z: 1}
  m_LocalEulerAnglesHint: {x: 5.8111, y: -5.3011, z: 63.1969}
  m_Children:
  - {fileID: 4000012576293380}
  m_Father: {fileID: 4000012829313750}
  m_RootOrder: 0
--- !u!4 &4000010199380324
Transform:
  m_ObjectHideFlags: 1
  m_PrefabParentObject: {fileID: 0}
  m_PrefabInternal: {fileID: 100100000}
  m_GameObject: {fileID: 1000013405089292}
  m_LocalRotation: {x: 0, y: -0, z: -0.12395387, w: 0.992288}
  m_LocalPosition: {x: -0.18393394, y: -0.0060172235, z: -1.5777218e-32}
  m_LocalScale: {x: 1, y: 1, z: 1}
  m_LocalEulerAnglesHint: {x: 0, y: 0, z: -14.2407}
  m_Children:
  - {fileID: 4000011990050648}
  - {fileID: 4000010277168778}
  - {fileID: 4000011693181000}
  m_Father: {fileID: 4000011950680578}
  m_RootOrder: 2
--- !u!4 &4000010277168778
Transform:
  m_ObjectHideFlags: 1
  m_PrefabParentObject: {fileID: 0}
  m_PrefabInternal: {fileID: 100100000}
  m_GameObject: {fileID: 1000011596821584}
  m_LocalRotation: {x: -0.280537, y: 0.7172006, z: -0.2295797, w: 0.59516007}
  m_LocalPosition: {x: 0.081893325, y: 0.043687243, z: 0.470996}
  m_LocalScale: {x: 1, y: 1, z: 1}
  m_LocalEulerAnglesHint: {x: -0.26459998, y: 100.7286, z: -42.5072}
  m_Children:
  - {fileID: 4000012653203166}
  m_Father: {fileID: 4000010199380324}
  m_RootOrder: 1
--- !u!4 &4000010495838442
Transform:
  m_ObjectHideFlags: 1
  m_PrefabParentObject: {fileID: 0}
  m_PrefabInternal: {fileID: 100100000}
  m_GameObject: {fileID: 1000011126317274}
  m_LocalRotation: {x: 0.82384723, y: 0.5069005, z: 0.03791927, w: 0.2507783}
  m_LocalPosition: {x: -0.18931638, y: -7.9936054e-17, z: 2.6645352e-17}
  m_LocalScale: {x: 1, y: 1, z: 1}
  m_LocalEulerAnglesHint: {x: 22.009699, y: 160.02469, z: 112.8705}
  m_Children:
  - {fileID: 4000012014139034}
  m_Father: {fileID: 4000013712023644}
  m_RootOrder: 0
--- !u!4 &4000010526981034
Transform:
  m_ObjectHideFlags: 1
  m_PrefabParentObject: {fileID: 0}
  m_PrefabInternal: {fileID: 100100000}
  m_GameObject: {fileID: 1000010563087630}
  m_LocalRotation: {x: -0.01850472, y: -0.029617025, z: 0.29800916, w: 0.953924}
  m_LocalPosition: {x: -0.9752392, y: 1.7763567e-16, z: 1.0658141e-16}
  m_LocalScale: {x: 1, y: 1, z: 1}
  m_LocalEulerAnglesHint: {x: -1.0115, y: -3.873, z: 34.7322}
  m_Children:
  - {fileID: 4000011549574690}
  m_Father: {fileID: 4000012398552548}
  m_RootOrder: 0
--- !u!4 &4000010531216910
Transform:
  m_ObjectHideFlags: 1
  m_PrefabParentObject: {fileID: 0}
  m_PrefabInternal: {fileID: 100100000}
  m_GameObject: {fileID: 1000013542554502}
  m_LocalRotation: {x: 0.06057204, y: 0.13613476, z: -0.7015346, w: 0.69688416}
  m_LocalPosition: {x: -0.40451276, y: 4.640732e-16, z: -2.6645352e-17}
  m_LocalScale: {x: 1, y: 1, z: 1}
  m_LocalEulerAnglesHint: {x: 15.987599, y: 6.2558, z: -89.5017}
  m_Children: []
  m_Father: {fileID: 4000013170808056}
  m_RootOrder: 0
--- !u!4 &4000010538372832
Transform:
  m_ObjectHideFlags: 1
  m_PrefabParentObject: {fileID: 0}
  m_PrefabInternal: {fileID: 100100000}
  m_GameObject: {fileID: 1000013673213186}
  m_LocalRotation: {x: 0.050905835, y: 0.10307493, z: 0.4050014, w: 0.9070601}
  m_LocalPosition: {x: -0.18789257, y: -7.771561e-17, z: 5.3290704e-17}
  m_LocalScale: {x: 1, y: 1, z: 1}
  m_LocalEulerAnglesHint: {x: 0.5076, y: 13.1931, z: 48.1801}
  m_Children:
  - {fileID: 4000014101351356}
  m_Father: {fileID: 4000013297160706}
  m_RootOrder: 0
--- !u!4 &4000010566040758
Transform:
  m_ObjectHideFlags: 1
  m_PrefabParentObject: {fileID: 0}
  m_PrefabInternal: {fileID: 100100000}
  m_GameObject: {fileID: 1000011307496758}
  m_LocalRotation: {x: -0.0605656, y: -0.13612115, z: -0.7015345, w: 0.6968875}
  m_LocalPosition: {x: -0.40450794, y: 8.4598993e-16, z: -6.217249e-17}
  m_LocalScale: {x: 1, y: 1, z: 1}
  m_LocalEulerAnglesHint: {x: -15.986, y: -6.2552, z: -89.501595}
  m_Children: []
  m_Father: {fileID: 4000013351524200}
  m_RootOrder: 0
--- !u!4 &4000010601365090
Transform:
  m_ObjectHideFlags: 1
  m_PrefabParentObject: {fileID: 0}
  m_PrefabInternal: {fileID: 100100000}
  m_GameObject: {fileID: 1000013158834964}
  m_LocalRotation: {x: 0.014487844, y: -0.057721622, z: 0.48693994, w: 0.87140566}
  m_LocalPosition: {x: -1.1569759, y: -4.973799e-16, z: -1.7763567e-16}
  m_LocalScale: {x: 1, y: 1, z: 1}
  m_LocalEulerAnglesHint: {x: 4.6727, y: -4.9783, z: 58.1895}
  m_Children:
  - {fileID: 4000012219895194}
  m_Father: {fileID: 4000012692298572}
  m_RootOrder: 0
--- !u!4 &4000010693955880
Transform:
  m_ObjectHideFlags: 1
  m_PrefabParentObject: {fileID: 0}
  m_PrefabInternal: {fileID: 100100000}
  m_GameObject: {fileID: 1000012071570564}
  m_LocalRotation: {x: 0.14865632, y: 0.20798962, z: -0.562154, w: 0.78652686}
  m_LocalPosition: {x: -0.106348865, y: 2.2981616e-16, z: -2.6867395e-16}
  m_LocalScale: {x: 1, y: 1, z: 1}
  m_LocalEulerAnglesHint: {x: 27.8844, y: 10.4319, z: -68.5125}
  m_Children: []
  m_Father: {fileID: 4000014101351356}
  m_RootOrder: 0
--- !u!4 &4000010854495492
Transform:
  m_ObjectHideFlags: 1
  m_PrefabParentObject: {fileID: 0}
  m_PrefabInternal: {fileID: 100100000}
  m_GameObject: {fileID: 1000014251101272}
  m_LocalRotation: {x: -0.01421395, y: -0.008537686, z: 0.1584007, w: 0.9872357}
  m_LocalPosition: {x: -0.9896051, y: -7.105427e-17, z: -2.842171e-16}
  m_LocalScale: {x: 1, y: 1, z: 1}
  m_LocalEulerAnglesHint: {x: -1.4532, y: -1.2243999, z: 18.246199}
  m_Children:
  - {fileID: 4000011811923396}
  m_Father: {fileID: 4000012219895194}
  m_RootOrder: 0
--- !u!4 &4000010893276726
Transform:
  m_ObjectHideFlags: 1
  m_PrefabParentObject: {fileID: 0}
  m_PrefabInternal: {fileID: 100100000}
  m_GameObject: {fileID: 1000012120940216}
  m_LocalRotation: {x: 0.46507788, y: 0.6899707, z: 0.31219238, w: -0.4584529}
  m_LocalPosition: {x: -0.41116077, y: 3.5527135e-16, z: 1.0658141e-16}
  m_LocalScale: {x: 1, y: 1, z: 1}
  m_LocalEulerAnglesHint: {x: -59.0081, y: -138.343, z: 43.666397}
  m_Children: []
  m_Father: {fileID: 4000013361221666}
  m_RootOrder: 0
--- !u!4 &4000010968729302
Transform:
  m_ObjectHideFlags: 1
  m_PrefabParentObject: {fileID: 0}
  m_PrefabInternal: {fileID: 100100000}
  m_GameObject: {fileID: 1000012132566234}
  m_LocalRotation: {x: -0.00026248212, y: 0.0011381458, z: 0.4050292, w: 0.914303}
  m_LocalPosition: {x: -0.7997946, y: -5.8402064e-16, z: 6.661338e-16}
  m_LocalScale: {x: 1, y: 1, z: 1}
  m_LocalEulerAnglesHint: {x: -0.080299996, y: 0.107099995, z: 47.7859}
  m_Children:
  - {fileID: 4000013669031746}
  m_Father: {fileID: 4000012926236208}
  m_RootOrder: 0
--- !u!4 &4000011001333942
Transform:
  m_ObjectHideFlags: 1
  m_PrefabParentObject: {fileID: 0}
  m_PrefabInternal: {fileID: 100100000}
  m_GameObject: {fileID: 1000013151839236}
  m_LocalRotation: {x: -0.022314323, y: 0.08925315, z: 0.5015932, w: 0.8601978}
  m_LocalPosition: {x: -1.1649637, y: 7.105427e-17, z: 7.105427e-17}
  m_LocalScale: {x: 1, y: 1, z: 1}
  m_LocalEulerAnglesHint: {x: -7.3499, y: 7.5997, z: 60.0053}
  m_Children:
  - {fileID: 4000012050100806}
  m_Father: {fileID: 4000011770181328}
  m_RootOrder: 0
--- !u!4 &4000011018338364
Transform:
  m_ObjectHideFlags: 1
  m_PrefabParentObject: {fileID: 0}
  m_PrefabInternal: {fileID: 100100000}
  m_GameObject: {fileID: 1000010867388586}
  m_LocalRotation: {x: 0, y: -0, z: -0.19384585, w: 0.981032}
  m_LocalPosition: {x: -0.21893361, y: 0.021459017, z: 7.888609e-33}
  m_LocalScale: {x: 1, y: 1, z: 1}
  m_LocalEulerAnglesHint: {x: 0, y: 0, z: -22.354599}
  m_Children:
  - {fileID: 4000011770181328}
  - {fileID: 4000013431686870}
  - {fileID: 4000013436194752}
  m_Father: {fileID: 4000011693181000}
  m_RootOrder: 2
--- !u!4 &4000011070055832
Transform:
  m_ObjectHideFlags: 1
  m_PrefabParentObject: {fileID: 0}
  m_PrefabInternal: {fileID: 100100000}
  m_GameObject: {fileID: 1000012962865814}
  m_LocalRotation: {x: -0.009361343, y: -0.01467635, z: 0.29807147, w: 0.95438486}
  m_LocalPosition: {x: -0.9785083, y: -8.171241e-16, z: 3.5527136e-17}
  m_LocalScale: {x: 1, y: 1, z: 1}
  m_LocalEulerAnglesHint: {x: -0.5225, y: -1.9253, z: 34.6978}
  m_Children:
  - {fileID: 4000012098346004}
  m_Father: {fileID: 4000013604075818}
  m_RootOrder: 0
--- !u!4 &4000011157221812
Transform:
  m_ObjectHideFlags: 1
  m_PrefabParentObject: {fileID: 0}
  m_PrefabInternal: {fileID: 100100000}
  m_GameObject: {fileID: 1000011828705516}
  m_LocalRotation: {x: -0.24030635, y: 0.800354, z: -0.28095102, w: 0.47196713}
  m_LocalPosition: {x: 0.070960216, y: 0.009440241, z: 0.41261798}
  m_LocalScale: {x: 1, y: 1, z: 1}
  m_LocalEulerAnglesHint: {x: 12.878699, y: 114.0079, z: -41.8074}
  m_Children:
  - {fileID: 4000013667463752}
  m_Father: {fileID: 4000011950680578}
  m_RootOrder: 1
--- !u!4 &4000011168188998
Transform:
  m_ObjectHideFlags: 1
  m_PrefabParentObject: {fileID: 0}
  m_PrefabInternal: {fileID: 100100000}
  m_GameObject: {fileID: 1000012551164574}
  m_LocalRotation: {x: 0.22026049, y: -0.5739447, z: -0.29710844, w: 0.73061585}
  m_LocalPosition: {x: 0.0077505326, y: 0.027376838, z: -0.50690866}
  m_LocalScale: {x: 1, y: 1, z: 1}
  m_LocalEulerAnglesHint: {x: -1.0999, y: -75.866, z: -43.401398}
  m_Children:
  - {fileID: 4000013604075818}
  m_Father: {fileID: 4000011693181000}
  m_RootOrder: 0
--- !u!4 &4000011252211008
Transform:
  m_ObjectHideFlags: 1
  m_PrefabParentObject: {fileID: 0}
  m_PrefabInternal: {fileID: 100100000}
  m_GameObject: {fileID: 1000014104996032}
  m_LocalRotation: {x: -0.059042253, y: -0.039198417, z: 0.17289206, w: 0.98238784}
  m_LocalPosition: {x: -1.0334005, y: 1.0658141e-16, z: 2.842171e-16}
  m_LocalScale: {x: 1, y: 1, z: 1}
  m_LocalEulerAnglesHint: {x: -5.8803, y: -5.621, z: 20.2517}
  m_Children:
  - {fileID: 4000012287311436}
  m_Father: {fileID: 4000012576293380}
  m_RootOrder: 0
--- !u!4 &4000011549574690
Transform:
  m_ObjectHideFlags: 1
  m_PrefabParentObject: {fileID: 0}
  m_PrefabInternal: {fileID: 100100000}
  m_GameObject: {fileID: 1000010648667184}
  m_LocalRotation: {x: -0.053459626, y: -0.032362975, z: 0.16369218, w: 0.98453015}
  m_LocalPosition: {x: -0.9991063, y: -7.81597e-16, z: -1.7763567e-16}
  m_LocalScale: {x: 1, y: 1, z: 1}
  m_LocalEulerAnglesHint: {x: -5.4323997, y: -4.6802, z: 19.1019}
  m_Children:
  - {fileID: 4000012568792600}
  m_Father: {fileID: 4000010526981034}
  m_RootOrder: 0
--- !u!4 &4000011693181000
Transform:
  m_ObjectHideFlags: 1
  m_PrefabParentObject: {fileID: 0}
  m_PrefabInternal: {fileID: 100100000}
  m_GameObject: {fileID: 1000013861408158}
  m_LocalRotation: {x: 0, y: 0, z: 0.012408145, w: 0.99992305}
  m_LocalPosition: {x: -0.18572232, y: -0.027322635, z: 2.3665827e-32}
  m_LocalScale: {x: 1, y: 1, z: 1}
  m_LocalEulerAnglesHint: {x: 0, y: 0, z: 1.4218999}
  m_Children:
  - {fileID: 4000011168188998}
  - {fileID: 4000012692298572}
  - {fileID: 4000011018338364}
  m_Father: {fileID: 4000010199380324}
  m_RootOrder: 2
--- !u!4 &4000011740874190
Transform:
  m_ObjectHideFlags: 1
  m_PrefabParentObject: {fileID: 0}
  m_PrefabInternal: {fileID: 100100000}
  m_GameObject: {fileID: 1000011345292116}
  m_LocalRotation: {x: 0.0590341, y: 0.039193098, z: 0.17289408, w: 0.9823882}
  m_LocalPosition: {x: -1.0334014, y: 4.6185276e-16, z: -2.842171e-16}
  m_LocalScale: {x: 1, y: 1, z: 1}
  m_LocalEulerAnglesHint: {x: 5.8795, y: 5.6201997, z: 20.251799}
  m_Children:
  - {fileID: 4000012580946862}
  m_Father: {fileID: 4000012348763018}
  m_RootOrder: 0
--- !u!4 &4000011770181328
Transform:
  m_ObjectHideFlags: 1
  m_PrefabParentObject: {fileID: 0}
  m_PrefabInternal: {fileID: 100100000}
  m_GameObject: {fileID: 1000012931431744}
  m_LocalRotation: {x: 0.19305319, y: -0.30042598, z: -0.18626347, w: 0.9153036}
  m_LocalPosition: {x: 0.0013716161, y: -0.0047096484, z: -0.5161236}
  m_LocalScale: {x: 1, y: 1, z: 1}
  m_LocalEulerAnglesHint: {x: 13.9744, y: -39.8549, z: -28.0933}
  m_Children:
  - {fileID: 4000011001333942}
  m_Father: {fileID: 4000011018338364}
  m_RootOrder: 0
--- !u!4 &4000011811923396
Transform:
  m_ObjectHideFlags: 1
  m_PrefabParentObject: {fileID: 0}
  m_PrefabInternal: {fileID: 100100000}
  m_GameObject: {fileID: 1000014079988726}
  m_LocalRotation: {x: -0.3224427, y: -0.46686953, z: -0.45425633, w: 0.6868149}
  m_LocalPosition: {x: -0.40239665, y: 2.1316282e-16, z: -2.753353e-16}
  m_LocalScale: {x: 1, y: 1, z: 1}
  m_LocalEulerAnglesHint: {x: -60.1203, y: -44.3686, z: -40.4034}
  m_Children: []
  m_Father: {fileID: 4000010854495492}
  m_RootOrder: 0
--- !u!4 &4000011950680578
Transform:
  m_ObjectHideFlags: 1
  m_PrefabParentObject: {fileID: 0}
  m_PrefabInternal: {fileID: 100100000}
  m_GameObject: {fileID: 1000010372665038}
  m_LocalRotation: {x: 0.08598572, y: 0.7018593, z: 0.08598572, w: 0.7018593}
  m_LocalPosition: {x: -0, y: 0.6473372, z: 0.36248174}
  m_LocalScale: {x: 1, y: 1, z: 1}
  m_LocalEulerAnglesHint: {x: 0, y: 90, z: 13.9691}
  m_Children:
  - {fileID: 4000012829313750}
  - {fileID: 4000011157221812}
  - {fileID: 4000010199380324}
  - {fileID: 4000012926236208}
  m_Father: {fileID: 4000012822777426}
  m_RootOrder: 1
--- !u!4 &4000011990050648
Transform:
  m_ObjectHideFlags: 1
  m_PrefabParentObject: {fileID: 0}
  m_PrefabInternal: {fileID: 100100000}
  m_GameObject: {fileID: 1000014065981520}
  m_LocalRotation: {x: 0.28053695, y: -0.71719843, z: -0.2295828, w: 0.59516144}
  m_LocalPosition: {x: 0.08189361, y: 0.043687034, z: -0.4709961}
  m_LocalScale: {x: 1, y: 1, z: 1}
  m_LocalEulerAnglesHint: {x: 0.2645, y: -100.728294, z: -42.5075}
  m_Children:
  - {fileID: 4000012398552548}
  m_Father: {fileID: 4000010199380324}
  m_RootOrder: 0
--- !u!4 &4000012014139034
Transform:
  m_ObjectHideFlags: 1
  m_PrefabParentObject: {fileID: 0}
  m_PrefabInternal: {fileID: 100100000}
  m_GameObject: {fileID: 1000010537002050}
  m_LocalRotation: {x: 0.52640593, y: 0.7953879, z: -0.16580455, w: 0.25052708}
  m_LocalPosition: {x: -0.10308055, y: -1.4876988e-16, z: -2.375877e-16}
  m_LocalScale: {x: 1, y: 1, z: 1}
  m_LocalEulerAnglesHint: {x: 31.8378, y: 164.71399, z: 62.611298}
  m_Children: []
  m_Father: {fileID: 4000010495838442}
  m_RootOrder: 0
--- !u!4 &4000012050100806
Transform:
  m_ObjectHideFlags: 1
  m_PrefabParentObject: {fileID: 0}
  m_PrefabInternal: {fileID: 100100000}
  m_GameObject: {fileID: 1000011129128964}
  m_LocalRotation: {x: 0.014971982, y: 0.025525352, z: 0.24445881, w: 0.96920806}
  m_LocalPosition: {x: -0.90397465, y: -7.283063e-16, z: -7.105427e-17}
  m_LocalScale: {x: 1, y: 1, z: 1}
  m_LocalEulerAnglesHint: {x: 0.9478, y: 3.2565, z: 28.3393}
  m_Children:
  - {fileID: 4000013170808056}
  m_Father: {fileID: 4000011001333942}
  m_RootOrder: 0
--- !u!4 &4000012098346004
Transform:
  m_ObjectHideFlags: 1
  m_PrefabParentObject: {fileID: 0}
  m_PrefabInternal: {fileID: 100100000}
  m_GameObject: {fileID: 1000013133827044}
  m_LocalRotation: {x: 0.01421514, y: 0.008538394, z: 0.15840288, w: 0.9872353}
  m_LocalPosition: {x: -0.9896062, y: 2.1316282e-16, z: 3.5527136e-17}
  m_LocalScale: {x: 1, y: 1, z: 1}
  m_LocalEulerAnglesHint: {x: 1.4533, y: 1.2245, z: 18.2465}
  m_Children:
  - {fileID: 4000013818590952}
  m_Father: {fileID: 4000011070055832}
  m_RootOrder: 0
--- !u!4 &4000012219895194
Transform:
  m_ObjectHideFlags: 1
  m_PrefabParentObject: {fileID: 0}
  m_PrefabInternal: {fileID: 100100000}
  m_GameObject: {fileID: 1000014190876132}
  m_LocalRotation: {x: 0.009360039, y: 0.014674162, z: 0.2980717, w: 0.9543848}
  m_LocalPosition: {x: -0.9785086, y: 1.7763567e-16, z: 1.7763567e-16}
  m_LocalScale: {x: 1, y: 1, z: 1}
  m_LocalEulerAnglesHint: {x: 0.52239996, y: 1.925, z: 34.6978}
  m_Children:
  - {fileID: 4000010854495492}
  m_Father: {fileID: 4000010601365090}
  m_RootOrder: 0
--- !u!4 &4000012276079266
Transform:
  m_ObjectHideFlags: 1
  m_PrefabParentObject: {fileID: 0}
  m_PrefabInternal: {fileID: 100100000}
  m_GameObject: {fileID: 1000011046362780}
  m_LocalRotation: {x: -0.014974696, y: -0.025529854, z: 0.24445747, w: 0.96920824}
  m_LocalPosition: {x: -0.9039744, y: 5.684342e-16, z: 0}
  m_LocalScale: {x: 1, y: 1, z: 1}
  m_LocalEulerAnglesHint: {x: -0.94799995, y: -3.2570999, z: 28.3392}
  m_Children:
  - {fileID: 4000013351524200}
  m_Father: {fileID: 4000013544666522}
  m_RootOrder: 0
--- !u!4 &4000012287311436
Transform:
  m_ObjectHideFlags: 1
  m_PrefabParentObject: {fileID: 0}
  m_PrefabInternal: {fileID: 100100000}
  m_GameObject: {fileID: 1000010521153750}
  m_LocalRotation: {x: 0.6052577, y: 0.7169784, z: -0.15269676, w: 0.3103045}
  m_LocalPosition: {x: -0.4718793, y: 1.3322676e-16, z: 3.5527135e-16}
  m_LocalScale: {x: 1, y: 1, z: 1}
  m_LocalEulerAnglesHint: {x: 36.4833, y: 161.1239, z: 74.068695}
  m_Children: []
  m_Father: {fileID: 4000011252211008}
  m_RootOrder: 0
--- !u!4 &4000012348763018
Transform:
  m_ObjectHideFlags: 1
  m_PrefabParentObject: {fileID: 0}
  m_PrefabInternal: {fileID: 100100000}
  m_GameObject: {fileID: 1000010123528110}
  m_LocalRotation: {x: 0.045533378, y: 0.07584821, z: 0.2624397, w: 0.96088463}
  m_LocalPosition: {x: -0.99350905, y: -3.5527136e-17, z: -7.105427e-17}
  m_LocalScale: {x: 1, y: 1, z: 1}
  m_LocalEulerAnglesHint: {x: 2.7337, y: 9.7794, z: 30.786299}
  m_Children:
  - {fileID: 4000011740874190}
  m_Father: {fileID: 4000013667463752}
  m_RootOrder: 0
--- !u!4 &4000012398552548
Transform:
  m_ObjectHideFlags: 1
  m_PrefabParentObject: {fileID: 0}
  m_PrefabInternal: {fileID: 100100000}
  m_GameObject: {fileID: 1000013643336162}
  m_LocalRotation: {x: 0.0015294311, y: -0.006167576, z: 0.47866568, w: 0.8779743}
  m_LocalPosition: {x: -1.1093668, y: 7.105427e-17, z: -3.1974422e-16}
  m_LocalScale: {x: 1, y: 1, z: 1}
  m_LocalEulerAnglesHint: {x: 0.4922, y: -0.5366, z: 57.1955}
  m_Children:
  - {fileID: 4000010526981034}
  m_Father: {fileID: 4000011990050648}
  m_RootOrder: 0
--- !u!4 &4000012557605228
Transform:
  m_ObjectHideFlags: 1
  m_PrefabParentObject: {fileID: 0}
  m_PrefabInternal: {fileID: 100100000}
  m_GameObject: {fileID: 1000010614066430}
  m_LocalRotation: {x: 0.020000901, y: 0.60365224, z: 0.02639254, w: 0.7965597}
  m_LocalPosition: {x: -0.10930519, y: 0.004124442, z: 0.08911146}
  m_LocalScale: {x: 1, y: 1, z: 1}
  m_LocalEulerAnglesHint: {x: 0, y: 74.3115, z: 3.7954}
  m_Children:
  - {fileID: 4000013712023644}
  m_Father: {fileID: 4000013436194752}
  m_RootOrder: 0
--- !u!4 &4000012568792600
Transform:
  m_ObjectHideFlags: 1
  m_PrefabParentObject: {fileID: 0}
  m_PrefabInternal: {fileID: 100100000}
  m_GameObject: {fileID: 1000010565580820}
  m_LocalRotation: {x: 0.46507722, y: 0.6899755, z: -0.3121875, w: 0.45844966}
  m_LocalPosition: {x: -0.41116726, y: 5.1514347e-16, z: 1.687539e-16}
  m_LocalScale: {x: 1, y: 1, z: 1}
  m_LocalEulerAnglesHint: {x: 59.007298, y: 138.34349, z: 43.6666}
  m_Children: []
  m_Father: {fileID: 4000011549574690}
  m_RootOrder: 0
--- !u!4 &4000012576293380
Transform:
  m_ObjectHideFlags: 1
  m_PrefabParentObject: {fileID: 0}
  m_PrefabInternal: {fileID: 100100000}
  m_GameObject: {fileID: 1000012701760352}
  m_LocalRotation: {x: -0.045830067, y: -0.075929604, z: 0.2624209, w: 0.9608692}
  m_LocalPosition: {x: -0.9935132, y: 7.105427e-17, z: 0}
  m_LocalScale: {x: 1, y: 1, z: 1}
  m_LocalEulerAnglesHint: {x: -2.764, y: -9.7976, z: 30.7878}
  m_Children:
  - {fileID: 4000011252211008}
  m_Father: {fileID: 4000010197177784}
  m_RootOrder: 0
--- !u!4 &4000012580946862
Transform:
  m_ObjectHideFlags: 1
  m_PrefabParentObject: {fileID: 0}
  m_PrefabInternal: {fileID: 100100000}
  m_GameObject: {fileID: 1000011904049506}
  m_LocalRotation: {x: 0.60525507, y: 0.71697557, z: 0.15270121, w: -0.3103139}
  m_LocalPosition: {x: -0.47188216, y: -8.881784e-18, z: 8.8817837e-17}
  m_LocalScale: {x: 1, y: 1, z: 1}
  m_LocalEulerAnglesHint: {x: -36.484398, y: -161.1231, z: 74.0682}
  m_Children: []
  m_Father: {fileID: 4000011740874190}
  m_RootOrder: 0
--- !u!4 &4000012653203166
Transform:
  m_ObjectHideFlags: 1
  m_PrefabParentObject: {fileID: 0}
  m_PrefabInternal: {fileID: 100100000}
  m_GameObject: {fileID: 1000011267580172}
  m_LocalRotation: {x: -0.0015272669, y: 0.0061631864, z: 0.47866502, w: 0.8779746}
  m_LocalPosition: {x: -1.109366, y: 1.4210854e-16, z: 0}
  m_LocalScale: {x: 1, y: 1, z: 1}
  m_LocalEulerAnglesHint: {x: -0.4917, y: 0.5363, z: 57.1955}
  m_Children:
  - {fileID: 4000014204020548}
  m_Father: {fileID: 4000010277168778}
  m_RootOrder: 0
--- !u!4 &4000012692298572
Transform:
  m_ObjectHideFlags: 1
  m_PrefabParentObject: {fileID: 0}
  m_PrefabInternal: {fileID: 100100000}
  m_GameObject: {fileID: 1000013842505440}
  m_LocalRotation: {x: -0.22026153, y: 0.57394314, z: -0.2971082, w: 0.73061675}
  m_LocalPosition: {x: 0.007750386, y: 0.02737669, z: 0.50690895}
  m_LocalScale: {x: 1, y: 1, z: 1}
  m_LocalEulerAnglesHint: {x: 1.0997, y: 75.8658, z: -43.4015}
  m_Children:
  - {fileID: 4000010601365090}
  m_Father: {fileID: 4000011693181000}
  m_RootOrder: 1
--- !u!4 &4000012822777426
Transform:
  m_ObjectHideFlags: 1
  m_PrefabParentObject: {fileID: 0}
  m_PrefabInternal: {fileID: 100100000}
  m_GameObject: {fileID: 1000014074613480}
  m_LocalRotation: {x: 0, y: 1, z: 0, w: 0}
  m_LocalPosition: {x: 129.40233, y: 1.5493698, z: 137.32042}
  m_LocalScale: {x: 2, y: 2, z: 2}
  m_LocalEulerAnglesHint: {x: 0, y: 180, z: 0}
  m_Children:
  - {fileID: 4000013123909882}
  - {fileID: 4000011950680578}
  m_Father: {fileID: 0}
  m_RootOrder: 0
--- !u!4 &4000012829313750
Transform:
  m_ObjectHideFlags: 1
  m_PrefabParentObject: {fileID: 0}
  m_PrefabInternal: {fileID: 100100000}
  m_GameObject: {fileID: 1000011817481430}
  m_LocalRotation: {x: -0.24037938, y: 0.80030143, z: 0.2808112, w: -0.47210217}
  m_LocalPosition: {x: 0.07096033, y: 0.009440528, z: -0.41261798}
  m_LocalScale: {x: 1, y: 1, z: 1}
  m_LocalEulerAnglesHint: {x: -12.856, y: -113.9993, z: -41.8056}
  m_Children:
  - {fileID: 4000010197177784}
  m_Father: {fileID: 4000011950680578}
  m_RootOrder: 0
--- !u!4 &4000012926236208
Transform:
  m_ObjectHideFlags: 1
  m_PrefabParentObject: {fileID: 0}
  m_PrefabInternal: {fileID: 100100000}
  m_GameObject: {fileID: 1000012092004260}
  m_LocalRotation: {x: -0.19859745, y: 0.9800566, z: -0.0029796015, w: 0.006268128}
  m_LocalPosition: {x: 0.21030557, y: 0.12924626, z: 1.2555566e-17}
  m_LocalScale: {x: 1, y: 1, z: 1}
  m_LocalEulerAnglesHint: {x: 0.192, y: 179.2282, z: -22.9117}
  m_Children:
  - {fileID: 4000010968729302}
  m_Father: {fileID: 4000011950680578}
  m_RootOrder: 3
--- !u!4 &4000013123909882
Transform:
  m_ObjectHideFlags: 1
  m_PrefabParentObject: {fileID: 0}
  m_PrefabInternal: {fileID: 100100000}
  m_GameObject: {fileID: 1000011979752012}
  m_LocalRotation: {x: 0, y: 0, z: 0, w: 1}
  m_LocalPosition: {x: 0, y: 0, z: 0}
  m_LocalScale: {x: 1, y: 1, z: 1}
  m_LocalEulerAnglesHint: {x: 0, y: 0, z: 0}
  m_Children: []
  m_Father: {fileID: 4000012822777426}
  m_RootOrder: 0
--- !u!4 &4000013170808056
Transform:
  m_ObjectHideFlags: 1
  m_PrefabParentObject: {fileID: 0}
  m_PrefabInternal: {fileID: 100100000}
  m_GameObject: {fileID: 1000012143548060}
  m_LocalRotation: {x: 0.07849138, y: 0.051223975, z: 0.21226655, w: 0.9727066}
  m_LocalPosition: {x: -1.0876285, y: 1.4210854e-16, z: -3.5527135e-16}
  m_LocalScale: {x: 1, y: 1, z: 1}
  m_LocalEulerAnglesHint: {x: 7.5246, y: 7.7082996, z: 25.1281}
  m_Children:
  - {fileID: 4000010531216910}
  m_Father: {fileID: 4000012050100806}
  m_RootOrder: 0
--- !u!4 &4000013297160706
Transform:
  m_ObjectHideFlags: 1
  m_PrefabParentObject: {fileID: 0}
  m_PrefabInternal: {fileID: 100100000}
  m_GameObject: {fileID: 1000012653532530}
  m_LocalRotation: {x: 0.015321286, y: 0.789767, z: 0.011894004, w: 0.61310023}
  m_LocalPosition: {x: 0.109304994, y: 0.0041247495, z: 0.08911148}
  m_LocalScale: {x: 1, y: 1, z: 1}
  m_LocalEulerAnglesHint: {x: 0, y: 104.3553, z: 2.2228}
  m_Children:
  - {fileID: 4000010538372832}
  m_Father: {fileID: 4000013436194752}
  m_RootOrder: 1
--- !u!4 &4000013351524200
Transform:
  m_ObjectHideFlags: 1
  m_PrefabParentObject: {fileID: 0}
  m_PrefabInternal: {fileID: 100100000}
  m_GameObject: {fileID: 1000012983908924}
  m_LocalRotation: {x: -0.07850142, y: -0.05123073, z: 0.21226335, w: 0.97270614}
  m_LocalPosition: {x: -1.08763, y: 3.0198067e-16, z: 1.4210854e-16}
  m_LocalScale: {x: 1, y: 1, z: 1}
  m_LocalEulerAnglesHint: {x: -7.5256, y: -7.7092, z: 25.1279}
  m_Children:
  - {fileID: 4000010566040758}
  m_Father: {fileID: 4000012276079266}
  m_RootOrder: 0
--- !u!4 &4000013361221666
Transform:
  m_ObjectHideFlags: 1
  m_PrefabParentObject: {fileID: 0}
  m_PrefabInternal: {fileID: 100100000}
  m_GameObject: {fileID: 1000011940236122}
  m_LocalRotation: {x: 0.053455975, y: 0.03236061, z: 0.16369803, w: 0.98452944}
  m_LocalPosition: {x: -0.99910694, y: 2.842171e-16, z: 7.105427e-17}
  m_LocalScale: {x: 1, y: 1, z: 1}
  m_LocalEulerAnglesHint: {x: 5.4319, y: 4.6798, z: 19.1026}
  m_Children:
  - {fileID: 4000010893276726}
  m_Father: {fileID: 4000014204020548}
  m_RootOrder: 0
--- !u!4 &4000013431686870
Transform:
  m_ObjectHideFlags: 1
  m_PrefabParentObject: {fileID: 0}
  m_PrefabInternal: {fileID: 100100000}
  m_GameObject: {fileID: 1000012193709944}
  m_LocalRotation: {x: -0.19305383, y: 0.30042565, z: -0.18626511, w: 0.91530323}
  m_LocalPosition: {x: 0.0013716886, y: -0.004709244, z: 0.516124}
  m_LocalScale: {x: 1, y: 1, z: 1}
  m_LocalEulerAnglesHint: {x: -13.9744, y: 39.8549, z: -28.0935}
  m_Children:
  - {fileID: 4000013544666522}
  m_Father: {fileID: 4000011018338364}
  m_RootOrder: 1
--- !u!4 &4000013436194752
Transform:
  m_ObjectHideFlags: 1
  m_PrefabParentObject: {fileID: 0}
  m_PrefabInternal: {fileID: 100100000}
  m_GameObject: {fileID: 1000012889199418}
  m_LocalRotation: {x: 0.13009904, y: -0.6950354, z: 0.13009904, w: 0.6950354}
  m_LocalPosition: {x: -0.34766087, y: 0.16236986, z: 3.1554436e-32}
  m_LocalScale: {x: 1, y: 1, z: 1}
  m_LocalEulerAnglesHint: {x: 21.2043, y: -90, z: 0}
  m_Children:
  - {fileID: 4000012557605228}
  - {fileID: 4000013297160706}
  m_Father: {fileID: 4000011018338364}
  m_RootOrder: 2
--- !u!4 &4000013544666522
Transform:
  m_ObjectHideFlags: 1
  m_PrefabParentObject: {fileID: 0}
  m_PrefabInternal: {fileID: 100100000}
  m_GameObject: {fileID: 1000013545166404}
  m_LocalRotation: {x: 0.022313828, y: -0.089251064, z: 0.50159645, w: 0.8601961}
  m_LocalPosition: {x: -1.1649586, y: -3.5527135e-16, z: -2.1316282e-16}
  m_LocalScale: {x: 1, y: 1, z: 1}
  m_LocalEulerAnglesHint: {x: 7.3497, y: -7.5994997, z: 60.0057}
  m_Children:
  - {fileID: 4000012276079266}
  m_Father: {fileID: 4000013431686870}
  m_RootOrder: 0
--- !u!4 &4000013604075818
Transform:
  m_ObjectHideFlags: 1
  m_PrefabParentObject: {fileID: 0}
  m_PrefabInternal: {fileID: 100100000}
  m_GameObject: {fileID: 1000013725572320}
  m_LocalRotation: {x: -0.014486602, y: 0.05772208, z: 0.48693997, w: 0.87140566}
  m_LocalPosition: {x: -1.1569767, y: -7.105427e-17, z: 4.2632563e-16}
  m_LocalScale: {x: 1, y: 1, z: 1}
  m_LocalEulerAnglesHint: {x: -4.6726, y: 4.9783, z: 58.1895}
  m_Children:
  - {fileID: 4000011070055832}
  m_Father: {fileID: 4000011168188998}
  m_RootOrder: 0
--- !u!4 &4000013667463752
Transform:
  m_ObjectHideFlags: 1
  m_PrefabParentObject: {fileID: 0}
  m_PrefabInternal: {fileID: 100100000}
  m_GameObject: {fileID: 1000011274452380}
  m_LocalRotation: {x: -0.018888673, y: 0.06589009, z: 0.5247202, w: 0.84851074}
  m_LocalPosition: {x: -1.0646259, y: 0, z: 3.5527136e-17}
  m_LocalScale: {x: 1, y: 1, z: 1}
  m_LocalEulerAnglesHint: {x: -5.8083997, y: 5.3057, z: 63.196}
  m_Children:
  - {fileID: 4000012348763018}
  m_Father: {fileID: 4000011157221812}
  m_RootOrder: 0
--- !u!4 &4000013669031746
Transform:
  m_ObjectHideFlags: 1
  m_PrefabParentObject: {fileID: 0}
  m_PrefabInternal: {fileID: 100100000}
  m_GameObject: {fileID: 1000012075874344}
  m_LocalRotation: {x: 0.21537514, y: 0.97651434, z: -0.00015427828, w: -0.0057701874}
  m_LocalPosition: {x: -1.0313967, y: -5.765787e-16, z: -2.220446e-18}
  m_LocalScale: {x: 1, y: 1, z: 1}
  m_LocalEulerAnglesHint: {x: -0.1251, y: -179.3505, z: 24.8748}
  m_Children: []
  m_Father: {fileID: 4000010968729302}
  m_RootOrder: 0
--- !u!4 &4000013712023644
Transform:
  m_ObjectHideFlags: 1
  m_PrefabParentObject: {fileID: 0}
  m_PrefabInternal: {fileID: 100100000}
  m_GameObject: {fileID: 1000013204523814}
  m_LocalRotation: {x: -0.03913765, y: -0.07748997, z: 0.3892793, w: 0.9170197}
  m_LocalPosition: {x: -0.19000654, y: -2.8865798e-17, z: 1.1546319e-16}
  m_LocalScale: {x: 1, y: 1, z: 1}
  m_LocalEulerAnglesHint: {x: -0.65599996, y: -9.939099, z: 46.059998}
  m_Children:
  - {fileID: 4000010495838442}
  m_Father: {fileID: 4000012557605228}
  m_RootOrder: 0
--- !u!4 &4000013818590952
Transform:
  m_ObjectHideFlags: 1
  m_PrefabParentObject: {fileID: 0}
  m_PrefabInternal: {fileID: 100100000}
  m_GameObject: {fileID: 1000010792277412}
  m_LocalRotation: {x: 0.3224445, y: 0.46687123, z: -0.45425603, w: 0.6868131}
  m_LocalPosition: {x: -0.4023938, y: 6.5725204e-16, z: -2.753353e-16}
  m_LocalScale: {x: 1, y: 1, z: 1}
  m_LocalEulerAnglesHint: {x: 60.120697, y: 44.3689, z: -40.4031}
  m_Children: []
  m_Father: {fileID: 4000012098346004}
  m_RootOrder: 0
--- !u!4 &4000014101351356
Transform:
  m_ObjectHideFlags: 1
  m_PrefabParentObject: {fileID: 0}
  m_PrefabInternal: {fileID: 100100000}
  m_GameObject: {fileID: 1000011438015208}
  m_LocalRotation: {x: 0.8367685, y: 0.4690617, z: -0.050909296, w: -0.27786317}
  m_LocalPosition: {x: -0.187452, y: 1.1546319e-16, z: -9.7699626e-17}
  m_LocalScale: {x: 1, y: 1, z: 1}
  m_LocalEulerAnglesHint: {x: -24.6614, y: -157.6303, z: 116.503296}
  m_Children:
  - {fileID: 4000010693955880}
  m_Father: {fileID: 4000010538372832}
  m_RootOrder: 0
--- !u!4 &4000014204020548
Transform:
  m_ObjectHideFlags: 1
  m_PrefabParentObject: {fileID: 0}
  m_PrefabInternal: {fileID: 100100000}
  m_GameObject: {fileID: 1000010406255158}
  m_LocalRotation: {x: 0.018504886, y: 0.029617025, z: 0.2980073, w: 0.9539246}
  m_LocalPosition: {x: -0.97523344, y: -1.7763567e-16, z: -7.105427e-17}
  m_LocalScale: {x: 1, y: 1, z: 1}
  m_LocalEulerAnglesHint: {x: 1.0115, y: 3.873, z: 34.732}
  m_Children:
  - {fileID: 4000013361221666}
  m_Father: {fileID: 4000012653203166}
  m_RootOrder: 0
--- !u!111 &111000011272465720
Animation:
  m_ObjectHideFlags: 1
  m_PrefabParentObject: {fileID: 0}
  m_PrefabInternal: {fileID: 100100000}
  m_GameObject: {fileID: 1000014074613480}
  m_Enabled: 1
  serializedVersion: 3
  m_Animation: {fileID: 7400002, guid: f5a9bd478ca094495a4520e37f57420d, type: 3}
  m_Animations:
  - {fileID: 7400000, guid: f5a9bd478ca094495a4520e37f57420d, type: 3}
  - {fileID: 7400002, guid: f5a9bd478ca094495a4520e37f57420d, type: 3}
  - {fileID: 7400004, guid: f5a9bd478ca094495a4520e37f57420d, type: 3}
  - {fileID: 7400006, guid: f5a9bd478ca094495a4520e37f57420d, type: 3}
  - {fileID: 7400004, guid: f5a9bd478ca094495a4520e37f57420d, type: 3}
  m_WrapMode: 0
  m_PlayAutomatically: 1
  m_AnimatePhysics: 0
  m_CullingType: 0
--- !u!114 &114000011548273834
MonoBehaviour:
  m_ObjectHideFlags: 1
  m_PrefabParentObject: {fileID: 0}
  m_PrefabInternal: {fileID: 100100000}
  m_GameObject: {fileID: 1000014074613480}
  m_Enabled: 1
  m_EditorHideFlags: 0
  m_Script: {fileID: 11500000, guid: 38ff1aaf275fb734cb7dc2aadd61357f, type: 3}
  m_Name: 
  m_EditorClassIdentifier: 
  player: {fileID: 0}
  playerScript: {fileID: 0}
  stateManagerScript: {fileID: 0}
  stateManager: {fileID: 0}
  speed: 3
  hp: 150
  attackDist: 4
  dead: 0
--- !u!135 &135000010436517184
SphereCollider:
  m_ObjectHideFlags: 1
  m_PrefabParentObject: {fileID: 0}
  m_PrefabInternal: {fileID: 100100000}
  m_GameObject: {fileID: 1000014074613480}
  m_Material: {fileID: 0}
  m_IsTrigger: 0
  m_Enabled: 1
  serializedVersion: 2
  m_Radius: 2.1
  m_Center: {x: 0, y: 0, z: 0}
--- !u!137 &137000014175779404
SkinnedMeshRenderer:
  m_ObjectHideFlags: 1
  m_PrefabParentObject: {fileID: 0}
  m_PrefabInternal: {fileID: 100100000}
  m_GameObject: {fileID: 1000011979752012}
  m_Enabled: 1
  m_CastShadows: 1
  m_ReceiveShadows: 1
  m_MotionVectors: 1
  m_LightProbeUsage: 1
  m_ReflectionProbeUsage: 1
  m_Materials:
  - {fileID: 2100000, guid: 76cafa52b379a86418015e7c51ce1ffd, type: 2}
  m_SubsetIndices: 
  m_StaticBatchRoot: {fileID: 0}
  m_ProbeAnchor: {fileID: 0}
  m_LightProbeVolumeOverride: {fileID: 0}
  m_ScaleInLightmap: 1
  m_PreserveUVs: 0
  m_IgnoreNormalsForChartDetection: 0
  m_ImportantGI: 0
  m_SelectedWireframeHidden: 0
  m_MinimumChartSize: 4
  m_AutoUVMaxDistance: 0.5
  m_AutoUVMaxAngle: 89
  m_LightmapParameters: {fileID: 0}
  m_SortingLayerID: 0
  m_SortingOrder: 0
  serializedVersion: 2
  m_Quality: 0
  m_UpdateWhenOffscreen: 0
  m_SkinnedMotionVectors: 1
  m_Mesh: {fileID: 4300000, guid: f5a9bd478ca094495a4520e37f57420d, type: 3}
  m_Bones:
  - {fileID: 4000011950680578}
  - {fileID: 4000010199380324}
  - {fileID: 4000011693181000}
  - {fileID: 4000011018338364}
  - {fileID: 4000013436194752}
  - {fileID: 4000012557605228}
  - {fileID: 4000013712023644}
  - {fileID: 4000010495838442}
  - {fileID: 4000012014139034}
  - {fileID: 4000013297160706}
  - {fileID: 4000010538372832}
  - {fileID: 4000014101351356}
  - {fileID: 4000010693955880}
  - {fileID: 4000011770181328}
  - {fileID: 4000011001333942}
  - {fileID: 4000012050100806}
  - {fileID: 4000013170808056}
  - {fileID: 4000010531216910}
  - {fileID: 4000013431686870}
  - {fileID: 4000013544666522}
  - {fileID: 4000012276079266}
  - {fileID: 4000013351524200}
  - {fileID: 4000010566040758}
  - {fileID: 4000011168188998}
  - {fileID: 4000013604075818}
  - {fileID: 4000011070055832}
  - {fileID: 4000012098346004}
  - {fileID: 4000013818590952}
  - {fileID: 4000012692298572}
  - {fileID: 4000010601365090}
  - {fileID: 4000012219895194}
  - {fileID: 4000010854495492}
  - {fileID: 4000011811923396}
  - {fileID: 4000011990050648}
  - {fileID: 4000012398552548}
  - {fileID: 4000010526981034}
  - {fileID: 4000011549574690}
  - {fileID: 4000012568792600}
  - {fileID: 4000010277168778}
  - {fileID: 4000012653203166}
  - {fileID: 4000014204020548}
  - {fileID: 4000013361221666}
  - {fileID: 4000010893276726}
  - {fileID: 4000012829313750}
  - {fileID: 4000010197177784}
  - {fileID: 4000012576293380}
  - {fileID: 4000011252211008}
  - {fileID: 4000012287311436}
  - {fileID: 4000011157221812}
  - {fileID: 4000013667463752}
  - {fileID: 4000012348763018}
  - {fileID: 4000011740874190}
  - {fileID: 4000012580946862}
  - {fileID: 4000012926236208}
  - {fileID: 4000010968729302}
  - {fileID: 4000013669031746}
  m_BlendShapeWeights: []
  m_RootBone: {fileID: 4000011950680578}
  m_AABB:
    m_Center: {x: -0.8706429, y: -0.5108312, z: -0.007085085}
    m_Extent: {x: 3.0068839, y: 2.0508134, z: 3.1249382}
  m_DirtyAABB: 0
--- !u!143 &143000010171437798
CharacterController:
  m_ObjectHideFlags: 1
  m_PrefabParentObject: {fileID: 0}
  m_PrefabInternal: {fileID: 100100000}
  m_GameObject: {fileID: 1000014074613480}
  m_Material: {fileID: 0}
  m_IsTrigger: 0
  m_Enabled: 1
  serializedVersion: 2
  m_Height: 2
  m_Radius: 3
  m_SlopeLimit: 45
  m_StepOffset: 0.3
  m_SkinWidth: 0.08
  m_MinMoveDistance: 0.001
  m_Center: {x: 0.15, y: 3, z: -0.07}
